@misc{Capitulo1:Microsoft,
   author = "Microsoft",
   title = "Introducci\'on a Active Directory",
   year = "2000",
   note = "\url{https://support.microsoft.com/es-es/help/196464}"
 }
 
 
 @misc{Capitulo1:Ransomware,
   author = "Mickey Bresman",
   title = "WannaCry, NotPetya, MBR-ONI and Friends: Tales of Wiper Attacks and Active Directory Destruction",
   year = "2018",
   note = "\url{https://www.semperis.com/blog/wannacry-notpetya-wiper-attacks-active-directory/}"
 }
 